@book{silberschatz1997database,
  title={Database system concepts},
  author={Silberschatz, Abraham and Korth, Henry F and Sudarshan, Shashank and others},
  volume={4},
  year={1997},
  publisher={McGraw-Hill New York}
}

@Misc{sqldbm,
howpublished = {\url{https://sqldbm.com}},
title = {SQL Database Modeler},
author = {"We Comes Before Me", LLC}
}

@Misc{pyqt5,
howpublished = {\url{https://www.riverbankcomputing.com/static/Docs/PyQt5/}},
title = {PyQt5 Reference Guide},
author = {Riverbank Computing}
}

@Misc{tinyint,
howpublished = {\url{https://docs.microsoft.com/en-us/sql/t-sql/data-types/int-bigint-smallint-and-tinyint-transact-sql}},
title = {int,bigint,smallint,and tinyint (Transact-SQL)},
author = {Microsoft}
}
